
%Background and Stylized Facts

@article{mundell1961,
  author    = {Mundell, Robert A.},
  title     = {A Theory of Optimum Currency Areas},
  journal   = {American Economic Review},
  volume    = {51},
  number    = {4},
  year      = {1961},
  pages     = {657-665}
}

@article{allen2015,
  author    = {Franklin Allen and Elena Carletti and Itay Goldstein and Agnese Leonello},
  title     = {Moral Hazard and Government Guarantees in the Banking Industry},
  journal   = {Journal of Financial Regulation},
  volume    = {1},
  number    = {1},
  year      = {2015},
  pages     = {30-50}
}

@article{holmstrom1997,
  author    = {Bengt Holmstrom and Jean Tirole},
  title     = {Financial Intermediation, Loanable Funds, and the Real Sector},
  journal   = {The Quarterly Journal of Economics},
  volume    = {112},
  year      = {1997},
  pages     = {663-691}
}

@article{diamond1983,
  author    = {Douglas W. Diamond and Philip H. Dybvig},
  title     = {Bank Runs, Deposit Insurance, and Liquidity},
  journal   = {Journal of Political Economy},
  volume    = {91},
  number    = {3},
  year      = {1983},
  pages     = {401-419}
}


%Analysis of the Issue


%Recommendations
@book{bernanke2013,
  author    = {Ben S. Bernanke},
  title     = {The Federal Reserve and the Financial Crisis},
  year      = {2013},
  publisher = {Princeton University Press},
  address   = {Princeton}
}

@book{claessens2017,
  author    = {Stijn Claessens and M. Ayhan Kose},
  title     = {Financial Crises: Explanations, Types, and Implications},
  year      = {2017},
  publisher = {International Monetary Fund},
  address   = {Washington, D.C.}
}

@book{engel2014,
  author    = {Eduardo Engel and Ronald Fischer and Alexander Galetovic},
  title     = {The Economics of Public-Private Partnerships: A Basic Guide},
  year      = {2014},
  publisher = {Cambridge University Press},
  address   = {Cambridge}
}

@book{gorton2012,
  author    = {Gary B. Gorton},
  title     = {Misunderstanding Financial Crises: Why We Don't See Them Coming},
  year      = {2012},
  publisher = {Oxford University Press},
  address   = {New York}
}

@book{imf2024,
  author    = {International Monetary  Fund},
shortauthor = {IMF}, 
  title     = {Global Economic Outlook: Economic Contraction and Policy Responses},
  year      = {2024},
  publisher = {IMF},
  address   = {Washington, D.C.}
}

@book{mishkin2021,
  author    = {Frederic S. Mishkin},
  title     = {The Economics of Money, Banking, and Financial Markets},
  edition   = {13th},
  year      = {2021},
  publisher = {Pearson},
  address   = {New York}
}

@book{reinhart2009,
  author    = {Carmen M. Reinhart and Kenneth S. Rogoff},
  title     = {This Time is Different: Eight Centuries of Financial Folly},
  year      = {2009},
  publisher = {Princeton University Press},
  address   = {Princeton}
}

@book{worldbank2023,
  author    = {World Bank},
  title     = {Financial Inclusion and Economic Growth: The Role of Credit Unions and Microfinance},
  year      = {2023},
  publisher = {World Bank},
  address   = {Washington, D.C.}
}


@article{IMF2023WEO,
  author = {{International Monetary Fund}},
  title = {World Economic Outlook: A Rocky Recovery},
  year = {2023},
  month = {April},
  url = {https://www.imf.org/en/Publications/WEO/Issues/2023/04/11/world-economic-outlook-april-2023},
  note = {Provides context for global economic pressures and emerging market vulnerabilities.}
}

@article{FSB2023GlobalMonitoring,
  author = {{Financial Stability Board}},
  title = {Global Monitoring Report on Non-Bank Financial Intermediation 2022},
  year = {2023},
  url = {https://www.fsb.org/2023/01/global-monitoring-report-on-non-bank-financial-intermediation-2022/},
  note = {Highlights vulnerabilities in the non-bank financial sector, including REITs and liquidity risks.}
}

@article{BIS2023DebtService,
  author = {{Bank for International Settlements}},
  title = {Debt service burdens and financial vulnerabilities},
  year = {2023},
  url = {https://www.bis.org/publ/qtrpdf/r_qt2303.pdf},
  note = {Provides data and analysis on the impact of rising interest rates on debt service burdens and financial stability.}
}

@article{WorldBank2023EmergingMarkets,
  author = {{World Bank}},
  title = {Global Economic Prospects: Headwinds Darken the Outlook},
  year = {2023},
  url = {https://www.worldbank.org/en/publication/global-economic-prospects},
  note = {Offers insights into the challenges faced by emerging markets due to global economic uncertainty and financial tightening.}
}

@article{ECB2023ESRB,
  author = {{European Central Bank}},
  title = {ESRB Annual Report 2022},
  year = {2023},
  url = {https://www.esrb.europa.eu/publications/annual_report/html/esrb_annual_report_2022.en.html},
  note = {Provides information on macroprudential oversight frameworks and systemic risk monitoring.}
}

@article{UNCTAD2023FDI,
  author = {{United Nations Conference on Trade and Development}},
  title = {World Investment Report 2023: Investing in Sustainable Energy for All},
  year = {2023},
  url = {https://unctad.org/publication/world-investment-report},
  note = {Details trends in foreign direct investment and its impact on emerging economies.}
}

@article{CentralBank2023EmergingLiquidity,
  author = {{Various Central Banks}},
  title = {Central Bank Responses to Emerging Market Liquidity Challenges},
  year = {2023},
  note = {A compilation of central bank publications and statements regarding emergency liquidity provision and reserve management in emerging markets. This would be a compilation of central bank websites, and publications from various countries. Example: Reserve bank of India, central bank of Brazil, etc. There is no one link.}
}

@article{RegionalEconomic2023Caribbean,
  author = {{Regional Economic Organizations}},
  title = {Economic Reports on Caribbean Financial Vulnerabilities},
  year = {2023},
  note = {A compilation of reports and analyses from regional economic organizations focusing on the specific vulnerabilities of Caribbean economies. This would be a compilation of reports from CARICOM, ECCB, CDB, etc. There is no one link.}
}

@article{FinancialTimes2023USBankCollapse,
  author = {{Financial Times}},
  title = {Coverage of the Collapse of a Major U.S. Financial Institution},
  year = {2023},
  note = {Provides information regarding the collapse of a major US financial institution, and the subsequent effects on global markets.}
}


